@inproceedings{kraska,
  title={The case for learned index structures},
  author={Kraska, Tim and Beutel, Alex and Chi, Ed H and Dean, Jeffrey and Polyzotis, Neoklis},
  booktitle={Proceedings of the 2018 International Conference on Management of Data},
  pages={489--504},
  year={2018},
  organization={ACM}
}

@article{reinforce,
  title={Simple statistical gradient-following algorithms for connectionist reinforcement learning},
  author={Williams, Ronald J},
  journal={Machine learning},
  volume={8},
  number={3-4},
  pages={229--256},
  year={1992},
  publisher={Springer}
}

@misc{clrs,
  title={Introduction to Algorithms},
  author={Cormen, Thomas H and Leiserson, Charles E and Rivest, Ronald L and Stein, Clifford and others},
  year={2001},
  publisher={The MIT Press, McGraw-Hill Book Company}
}

@article{sklearn,
 title={Scikit-learn: Machine Learning in {P}ython},
 author={Pedregosa, F. and Varoquaux, G. and Gramfort, A. and Michel, V.
         and Thirion, B. and Grisel, O. and Blondel, M. and Prettenhofer, P.
         and Weiss, R. and Dubourg, V. and Vanderplas, J. and Passos, A. and
         Cournapeau, D. and Brucher, M. and Perrot, M. and Duchesnay, E.},
 journal={Journal of Machine Learning Research},
 volume={12},
 pages={2825--2830},
 year={2011}
}

@article{GilmerSRVD17,
  author    = {Justin Gilmer and
               Samuel S. Schoenholz and
               Patrick F. Riley and
               Oriol Vinyals and
               George E. Dahl},
  title     = {Neural Message Passing for Quantum Chemistry},
  journal   = {CoRR},
  volume    = {abs/1704.01212},
  year      = {2017},
  url       = {http://arxiv.org/abs/1704.01212},
  archivePrefix = {arXiv},
  eprint    = {1704.01212},
  timestamp = {Mon, 13 Aug 2018 16:48:42 +0200},
  biburl    = {https://dblp.org/rec/bib/journals/corr/GilmerSRVD17},
  bibsource = {dblp computer science bibliography, https://dblp.org}
}